@book{
  book1,
    author = {me},
    title = {Hey},
    year = {2024}
}
